<record xmlns="http://www.loc.gov/MARC21/slim" xmlns:xsi="http://www.w3.org/2001/XMLSchema-instance" xsi:schemaLocation="http://www.loc.gov/MARC21/slim http://www.loc.gov/standards/marcxml/schema/MARC21slim.xsd"><leader>     nam a22        4500</leader><controlfield tag="001">3233507</controlfield><controlfield tag="003">NNC</controlfield><controlfield tag="006">m        d        </controlfield><controlfield tag="007">cr cn |||m|||a</controlfield><controlfield tag="008">150313s1896    tu      o     000 0 arard</controlfield><datafield ind1=" " ind2=" " tag="040"><subfield code="a">NNU</subfield><subfield code="b">eng</subfield><subfield code="e">rda</subfield><subfield code="c">NNU</subfield></datafield><datafield ind1="1" ind2="4" tag="050"><subfield code="a">PJ6696</subfield><subfield code="b">.S85x 1896</subfield></datafield><datafield ind1="1" ind2=" " tag="100"><subfield code="6">880-01</subfield><subfield code="a">Sulami&#772;, &#699;Izz al-Di&#772;n &#699;Abd al-&#699;Azi&#772;z ibn &#699;Abd al-Sala&#772;m,</subfield><subfield code="d">approximately 1182-1262.</subfield></datafield><datafield ind1="1" ind2="0" tag="240"><subfield code="6">880-02</subfield><subfield code="a">Isha&#772;rah ila&#769; al-i&#772;ja&#772;z fi&#772; ba&#699;d&#803; anwa&#772;&#699; al-maja&#772;z</subfield></datafield><datafield ind1="1" ind2="0" tag="245"><subfield code="6">880-03</subfield><subfield code="a">Kita&#772;b al-Isha&#772;rah ila&#769; al-i&#772;ja&#772;z fi&#772; ba&#699;d&#803; anwa&#772;&#699; al-maja&#772;z /</subfield><subfield code="c">tas&#803;ni&#772;f Abi&#772; Muh&#803;ammad &#699;Izz al-Di&#772;n &#699;Abd al-&#699;Azi&#772;z ibn &#699;Abd al-Sala&#772;m.</subfield></datafield><datafield ind1=" " ind2=" " tag="260"><subfield code="6">880-04</subfield><subfield code="a">[Istanbul] :</subfield><subfield code="b">[al-Mat&#803;ba&#699;ah al-&#699;A&#772;mirah],</subfield><subfield code="c">[1896]</subfield></datafield><datafield ind1=" " ind2=" " tag="300"><subfield code="a">online resource (223 pages)</subfield></datafield><datafield ind1=" " ind2=" " tag="336"><subfield code="a">text</subfield><subfield code="2">rdacontent</subfield></datafield><datafield ind1=" " ind2=" " tag="337"><subfield code="a">computer</subfield><subfield code="2">rdamedia</subfield></datafield><datafield ind1=" " ind2=" " tag="338"><subfield code="a">online resource</subfield><subfield code="2">rdacarrier</subfield></datafield><datafield ind1=" " ind2=" " tag="500"><subfield code="a">Caption title.</subfield></datafield><datafield ind1=" " ind2=" " tag="500"><subfield code="a">Part of the Arabic Collections Online (ACO) project, contributed by Columbia University Libraries.</subfield></datafield><datafield ind1=" " ind2=" " tag="533"><subfield code="a">Electronic reproduction.</subfield><subfield code="b">New York, N.Y. :</subfield><subfield code="c">New York University,</subfield><subfield code="d">2015.</subfield><subfield code="5">NNU</subfield></datafield><datafield ind1="0" ind2="0" tag="630"><subfield code="a">Qur&#700;an</subfield><subfield code="x">Language, style</subfield><subfield code="v">Early works to 1800.</subfield></datafield><datafield ind1="0" ind2="0" tag="630"><subfield code="a">Qur&#700;an</subfield><subfield code="x">Appreciation</subfield><subfield code="v">Early works to 1800.</subfield></datafield><datafield ind1="2" ind2=" " tag="710"><subfield code="a">Columbia University.</subfield><subfield code="b">Libraries.</subfield></datafield><datafield ind1="0" ind2=" " tag="730"><subfield code="a">Arabic Collections Online.</subfield></datafield><datafield ind1="0" ind2="8" tag="776"><subfield code="i">Online version:</subfield><subfield code="a">Sulami&#772;, &#699;Izz al-Di&#772;n &#699;Abd al-&#699;Azi&#772;z ibn &#699;Abd al-Sala&#772;m, approximately 1182-1262.</subfield><subfield code="s">Isha&#772;rah ila&#769; al-i&#772;ja&#772;z fi&#772; ba&#699;d&#803; anwa&#772;&#699; al-maja&#772;z.</subfield><subfield code="t">Kita&#772;b al-Isha&#772;rah ila&#769; al-i&#772;ja&#772;z fi&#772; ba&#699;d&#803; anwa&#772;&#699; al-maja&#772;z.</subfield><subfield code="d">[Istanbul : al-Mat&#803;ba&#699;ah al-&#699;A&#772;mirah, 1896]</subfield><subfield code="w">(OCoLC)586555074</subfield></datafield><datafield ind1="0" ind2="8" tag="776"><subfield code="i">Print version:</subfield><subfield code="a">Sulami&#772;, &#699;Izz al-Di&#772;n &#699;Abd al-&#699;Azi&#772;z ibn &#699;Abd al-Sala&#772;m, approximately 1182-1262.</subfield><subfield code="t">Kita&#772;b al-Isha&#772;rah ila&#769; al-i&#772;ja&#772;z fi&#772; ba&#699;d&#803; anwa&#772;&#699; al-maja&#772;z</subfield><subfield code="w">(NNC)3233507</subfield><subfield code="w">(OCoLC)37324336</subfield></datafield><datafield ind1="4" ind2="0" tag="856"><subfield code="u">http://hdl.handle.net/2333.1/xsj3v0sf</subfield></datafield><datafield ind1="1" ind2=" " tag="880"><subfield code="6">100-01/r</subfield><subfield code="a">&#1587;&#1604;&#1605;&#1610;&#1548; &#1593;&#1586;&#1575;&#1604;&#1583;&#1610;&#1606; &#1593;&#1576;&#1583;&#1575;&#1604;&#1593;&#1586;&#1610;&#1586; &#1576;&#1606; &#1593;&#1576;&#1583;&#1575;&#1604;&#1587;&#1604;&#1575;&#1605;&#1548;,</subfield><subfield code="d">1262-1182 .ca.</subfield></datafield><datafield ind1="1" ind2="0" tag="880"><subfield code="6">240-02/r</subfield><subfield code="a">&#1575;&#1604;&#1575;&#1588;&#1575;&#1585;&#1577; &#1575;&#1604;&#1609; &#1575;&#1604;&#1575;&#1610;&#1580;&#1575;&#1586; &#1601;&#1610; &#1576;&#1593;&#1590; &#1571;&#1606;&#1608;&#1575;&#1593; &#1575;&#1604;&#1605;&#1580;&#1575;&#1586;</subfield></datafield><datafield ind1="1" ind2="0" tag="880"><subfield code="6">245-03/r</subfield><subfield code="a">&#1603;&#1578;&#1575;&#1576; &#1575;&#1604;&#1575;&#1588;&#1575;&#1585;&#1577; &#1575;&#1604;&#1609; &#1575;&#1604;&#1575;&#1610;&#1580;&#1575;&#1586; &#1601;&#1610; &#1576;&#1593;&#1590; &#1571;&#1606;&#1608;&#1575;&#1593; &#1575;&#1604;&#1605;&#1580;&#1575;&#1586; /</subfield><subfield code="c">&#1578;&#1589;&#1606;&#1610;&#1601; &#1571;&#1576;&#1610; &#1605;&#1581;&#1605;&#1583; &#1593;&#1586;&#1575;&#1604;&#1583;&#1610;&#1606; &#1576;&#1606; &#1593;&#1576;&#1583;&#1575;&#1604;&#1587;&#1604;&#1575;&#1605;.</subfield></datafield><datafield ind1=" " ind2=" " tag="880"><subfield code="6">260-04/r</subfield><subfield code="a">[&#1575;&#1587;&#1578;&#1575;&#1606;&#1576;&#1608;&#1604;] :</subfield><subfield code="b">&#1575;&#1604;&#1605;&#1591;&#1576;&#1593;&#1577; &#1575;&#1604;&#1593;&#1575;&#1605;&#1585;&#1577;&#1548;</subfield><subfield code="c">[1896] 1313.</subfield></datafield><datafield ind1=" " ind2=" " tag="959"><subfield code="a">NNU</subfield><subfield code="b">WEB</subfield><subfield code="c">GENI</subfield><subfield code="t">0</subfield><subfield code="m">Electronic access</subfield><subfield code="s">01</subfield></datafield><datafield ind1=" " ind2=" " tag="999"><subfield code="i">NNC_3233507</subfield><subfield code="o">(OCoLC)ocm37324336 </subfield><subfield code="s">columbia_aco000420</subfield></datafield></record>